@inproceedings{dakka2008automatic,
  title={Automatic extraction of useful facet hierarchies from text databases},
  author={Dakka, W. and Ipeirotis, P.G.},
  booktitle={Data Engineering, 2008. ICDE 2008. IEEE 24th International Conference on},
  pages={466--475},
  year={2008},
  organization={Ieee}
}


@book{wanner2009visual,
  title={Visual sentiment analysis of rss news feeds featuring the us presidential election in 2008},
  author={Wanner, F. and Rohrdantz, C. and Mansmann, F. and Oelke, D. and Keim, D.A.},
  year={2009},
  publisher={Bibliothek der Universit{\"a}t Konstanz}
}

@article{grobelnik2004visualization,
  title={Visualization of news articles},
  author={Grobelnik, M. and Mladeni{\'c}, D. and others},
  year={2004}
}

@article{collins2006wordnet,
  title={Wordnet explorer: Applying visualization principles to lexical semantics},
  author={Collins, C.},
  journal={Computational Linguistics Group, Department of Computer Science, University of Toronto, Toronto, Ontario, Canada},
  year={2006}
}

@inproceedings{collins2009docuburst,
  title={Docuburst: Visualizing document content using language structure},
  author={Collins, C. and Carpendale, S. and Penn, G.},
  booktitle={Computer Graphics Forum},
  volume={28},
  number={3},
  pages={1039--1046},
  year={2009},
  organization={Wiley Online Library}
}

@inproceedings{wermter2002selforganizing,
  title={Selforganizing classification on the Reuters news corpus},
  author={Wermter, S. and Hung, C.},
  booktitle={Proceedings of the 19th international conference on Computational linguistics-Volume 1},
  pages={1--7},
  year={2002},
  organization={Association for Computational Linguistics}
}

@article{johnson2004network,
  title={Network Visualization: The" Bush Team" in Reuters News Ticker 9/11-11/15/01},
  author={Johnson, J.C. and Krempel, L.},
  journal={Journal of Social Structure},
  volume={5},
  year={2004}
}


@inproceedings{hearst1995tilebars,
  title={TileBars: visualization of term distribution information in full text information access},
  author={Hearst, M.A.},
  booktitle={Proceedings of the SIGCHI conference on Human factors in computing systems},
  pages={59--66},
  year={1995},
  organization={ACM Press/Addison-Wesley Publishing Co.}
}

@article{mehler2006spatial,
  title={Spatial analysis of news sources},
  author={Mehler, A. and Bao, Y. and Li, X. and Wang, Y. and Skiena, S.},
  journal={Visualization and Computer Graphics, IEEE Transactions on},
  volume={12},
  number={5},
  pages={765--772},
  year={2006},
  publisher={IEEE}
}

@inproceedings{paulovich2006text,
  title={Text map explorer: a tool to create and explore document maps},
  author={Paulovich, F.V. and Minghim, R.},
  booktitle={Information Visualization, 2006. IV 2006. Tenth International Conference on},
  pages={245--251},
  year={2006},
  organization={IEEE}
}

@misc{generalinquirer,
	title = {{General Inquirer}},
	note = {\small{\url{http://www.wjh.harvard.edu/~inquirer/}}},
},

@misc{wordvis,
	title = {{Word{V}is, the visual dictionary}},
	note = {\small{\url{http://wordvis.com/}}},
},

@article{fellbaum2010wordnet,
  title={WordNet},
  author={Fellbaum, C.},
  journal={Theory and Applications of Ontology: Computer Applications},
  pages={231--243},
  year={2010},
  publisher={Springer}
}
